@article{runnoe,
   author={Jessie C. Runnoe and Sabrina Cales and John J. Ruan and Michael Eracleous 
and Scott F. Anderson and Yue Shen and Paul Green and Eric Morganson and 
Stephanie LaMassa and Jenny E. Greene and Tom Dwelly and Donald P. Schneider and 
Andrea Merloni and Antonis Georgakakis},
   title={Now You See It, Now You Donâ€™t: The Disappearing
Central Engine of the Quasar J1011+5442},
   journal={Submitted to Astro-PH},
   year = 2015
}
